@manual{expressDocs,
	title = "ExpressJS Documentation",
	url = "http://expressjs.com/en/api.html"
}

@manual{apidocs,
	title = "apidocsjs Documentation",
	author = "Peter Rottmann",
	url = "http://apidocjs.com/"
}

@manual{file-type,
	title = "file-type NodeJS Module",
	author = "Sindre Sorhus",
	url = "https://www.npmjs.com/package/file-type"
}

@manual{client-sessions,
	title = "client-sessions NodeJS Module",
	author = "Mozilla",
	url = "https://github.com/mozilla/node-client-sessions"
}

@manual{mocha,
	title = "Mocha Testing Framework",
	url = "https://mochajs.org/"
}

@manual{jasmine,
	title = "Jasmine Testing Framework",
	url = "https://jasmine.github.io/2.4/introduction.html"
}

@manual{sinon,
	title = "SinonJS NodeJS Module",
	author = "Christian Johansen",
	url = "http://sinonjs.org/"
}

@online{testingReview,
	title = "Which JavaScript Test Library Should You Use?",
	author = "Kevin Groat",
	year = 2014,
	url = "http://www.techtalkdc.com/which-javascript-test-library-should-you-use-qunit-vs-jasmine-vs-mocha/",
	urldate = {2016-05-14}
}

@online{thewayofcode,
	title = "HOW TO BUILD AND TEST YOUR REST API WITH NODE.JS, EXPRESS AND MOCHA",
	author = "Valerio Gheri",
	year = 2013,
	url = "https://thewayofcode.wordpress.com/2013/04/21/how-to-build-and-test-rest-api-with-nodejs-express-mocha/",
	urldate = {2016-05-14}
}

@manual{supertest,
	title = "Supertest NodeJs Module",
	url = "https://www.npmjs.com/package/supertest"
}

@manual{istanbul,
	title = "Istanbul NodeJS Module",
	author = "gotwarlost",
	url = "https://www.npmjs.com/package/istanbul"
}

@online{mozillaClientSessions,
	title = "Using secure client-side sessions to build simple and scalable Node.JS applications",
	author = "Francois Marier, Robert Nyman",
	year = 2012,
	url = "https://hacks.mozilla.org/2012/12/using-secure-client-side-sessions-to-build-simple-and-scalable-node-js-applications-a-node-js-holiday-season-part-3/",
	urldate = {2016-05-14}
}

@manual{jazz,
	author="IBM",
	title="IBM Jazz",
	url = "https://jazz.net/"
}

@manual{githubWatsonCloud,
	author = "IBM",
	title = "Watson Developer Cloud Node.js SDK",
	year = 2016,
	url = "https://github.com/watson-developer-cloud/node-sdk"
}

@manual{githubCloudant,
	author = "IBM",
	organization="IBM",
	year = 2016,
	title = "Cloudant Node.js Client",
	url = "https://github.com/cloudant/nodejs-cloudant"
}

@manual{githubDB2,
	author = "IBM",
	year = 2016,
	title = "IBM DB2 Node.js SDK",
	url = "https://github.com/ibmdb/node-ibm_db"
}

@online{smackdownPHPNodejs,
	title = "SitePoint Smackdown:PHP vs Node.js",
	author = "Craig Buckler",
	year = 2016,
	url = "https://github.com/watson-developer-cloud/node-sdk",
	urldate = {2016-05-15}
}

@article{co475,
	title = "CO475: Continuous Delivery",
	author = "Jake Reynolds and Cian Leow",
	year = "2016"
}

@incollection{mardan2014tdd,
  title={TDD and BDD for Node. js with Mocha},
  author={Mardan, Azat},
  booktitle={Practical Node. js},
  pages={57--69},
  year={2014},
  publisher={Springer}
}

@online{UAVUseCase,
	title = "Account of UAV use in a natural disaster",
	author = "Wang Lidang",
	year = 2015,
	url = "https://www.microdrones.com/en/news/detail/uav-surveillance-in-earthquake-stricken-cangyuan/",
	urldate = {2016-21-01}
}

@incollection{UAV,
	title = "Coordinate Search With Swarm of UAVs",
	booktitle = "InSensors, Mesh and Ad Hoc Communications and Networks Workshops",
	author = "S Waharte and N Trigoni",
	date = {2009-06-22}
}

@article{Autonomous,
	author = "T Tomic",
	title = "Towards a Fully Autonomous UAV",
	journaltitle = "Robotics and Automation Magazine",
	volume = 46,
	pages = 56,
	year = 2012
}


@proceedings{Neural,
	author = "H Soltau and G Saon",
	title = "Joint Training of Convolutional and Non-Convolutional Neural Networks",
	date = 2014,
	organization = "ICASSP"
}

@incollection{DeepAI,
	author = "Y Bengio",
	title = "Learning Deep Architectures for AI",
	booktitle = "Foundations and Trends in Machine Learning 2",
	volume = 1,
	pages = 127
}

@online{DeepPi,
	title = "Classifying everything using your RPi Camera: Deep Learning with the Pi",
	url = "http://stevenhickson.blogspot.co.uk/2015/03/classifying-everything-using-your-rpi.html",
	date = {2015-03-31},
	author = "S Hickson",
	urldate = {2016-05-14}
}

@incollection{CloudRobotics,
	title = "Cloud Robotics: Current trends and possible use as a service",
	author = "D Lorencik and P Sincak",
	booktitle = "Applied Machine Intelligence and Informatics",
	date = 2013
}

@incollection{SoftwareArchitecture,
	title = "A Complete Survery on Software Architectural Styles and Patterns",
	author = "A. Sharma and M. Kumar and S. Agarwal",
	booktitle = "Procedia Computer Science 70",
	volume = 16,
	pages = 28
}

@manual{iotStarterAndroid,
	title = "IoT Starter for Android",
	author = "IBM",
	year = 2015,
	url = "https://github.com/ibm-messaging/iot-starter-for-android"
}

@article{EdgeOfSpace,
	author = "Jake Reynolds and et-al",
	title = "Edge of Space Project Report",
	date = 2015,
	publisher = "Imperial College London"
}

@online{Watson,
	author = "Bruce Upbin",
	date = {2013-11-14},
	title = "IBM Opens Up Its Watson Cognitive Computer For Developers Everywhere",
	publisher = "Forbes",
	urldate= {2016-01-20},
	url = {http://www.forbes.com/sites/bruceupbin/2013/11/14/ibm-opens-up-watson-as-a-web-service/}
}

@proceedings{Sentiment,
	author = "N Shankar Das and M Usmani and S Jain",
	title = "Implementation and Performance Evaluation of Sentiment Analysis Web Application in Cloud Computing",
	date = 2015,
	organization = "Communication and Automation (ICCCA)"
}

@online{agileManifest,
	title = "Manifest for Agile Software Development",
	date = 2001,
	url = "http://www.agilemanifesto.org/",
	urldate = {2016-05-19}
}

@online{qGroundMavlink,
	title = "MAVLink Micro Air Vehicle Communication Protocol",
	author = "Lorenz Meier",
	url = "http://qgroundcontrol.org/mavlink/start",
	urldate = {2016-05-19}
}

@online{qGroundControl,
	title = "QGroundControl",
	author = "Lorenz Meier",
	url = "http://qgroundcontrol.org/",
	urldate = {2016-05-19}
}

@online{ppmSolder,
	title = "Help connecting Devo7E and RX701",
	author = "Jake Reynolds and Alex Elliott",
	year = 2016,
	url = "https://www.dronetrest.com/t/help-connecting-devo7e-and-rx701/1838",
	urldate = {2016-05-13}
}

@online{px4ioNotFound,
	title = "PX4IO not found",
	author = "Jake Reynolds and Alex Elliott",
	year = 2016,
	url = "https://www.dronetrest.com/t/px4io-not-found-3-3v-reg/2039",
	urldate = {2016-05-13}
}

@online{npmlame,
	title = "node-lame",
	author = "TooTallNate",
	year = 2015,
	url = "https://github.com/TooTallNate/node-lame",
	urldate = {2016-05-19}
}

@incollection{cocktailParty,
	title = "The Cocktail Party Phenomenon: A Review on Speech Intelligibility in Multiple-Talker Conditions",
	author = "Adelbert Bronkhorst",
	year = 2000,
	booktitle = "Acta Acustica united with Acustica",
	volume = 86,
	pages = {117-128}
}

@online{androidActivity,
	title = "Android Reference: Activity",
	author = "Google",
	year = 2016,
	url = "https://developer.android.com/reference/android/app/Activity.html",
	urldate = {2016-05-23}
}

@online{githubTopicIssue,
	title = "Github IoT Starter Issue: Subscribe to events?",
	author= "Jake Reynolds and Robert",
	year = 2016,
	url = "https://github.com/ibm-watson-iot/iot-starter-for-android/issues/1",
	urldate = {2016-05-23}
}

@online{androidWebsockets,
	title= "Android Websockets",
	author = "Phil Kulak",
	year = 2013,
	url = "https://github.com/codebutler/android-websockets",
	urldate = {2016-05-23}
}

@proceedings{ibmSpeech,
	title = "A Segment-Based Algorithm of Speech Enhancement for Robust Speech Recognition",
	author = "Guokang Fu and Ta-Hsin Li",	
	url = "https://www.research.ibm.com/people/t/thl/myhtml/parafilter/papers/speechenhance5.pdf",
	organization="EUROSPEECH",
	pages="3029-3032",
	year=2003

}
@online{stride,
	title="STRIDE Threat Model",
	author="Microsoft",
	url="https://msdn.microsoft.com/en-us/library/ee823878(v=cs.20).aspx",
	urldate={2016-06-02}
}


@online{AngularJS,
	title = "Angular JS",
	author= "Google",
	url = "https://angularjs.org/",
	year = 2016
}
@online{AngularMaterial,
	title = "Angular Material",
	author = "Google",
	url="https://material.angularjs.org/latest/",
	year = 2016
}

@online{GoogleMaterial,
	title = "Material Design",
	author="Google",
	url="https://www.google.com/design/spec/material-design/introduction.html",
	year=2016
}

@book{crimeScene,
	title = "Your Code as a Crime Scene",
	author = "Adam Tornhill",
	publisher = "The Pragmatic Bookshelf",
	year = 2015
}

@online{mqttSpec,
	author = "OASIS",
	title = "MQTT Version 3.1.1 Specification",
	year = 2015,
	url = "https://docs.oasis-open.org/mqtt/mqtt/v3.1.1/mqtt-v3.1.1.html"

}
	
	
